<?xml version="1.0" encoding="UTF-8"?><record xmlns="http://www.loc.gov/MARC21/slim" xmlns:cinclude="http://apache.org/cocoon/include/1.0" xmlns:zs="http://www.loc.gov/zing/srw/">
  <leader>01314cz  a2200265n  4500</leader>
  <controlfield tag="001">n  80044977 </controlfield>
  <controlfield tag="003">DLC</controlfield>
  <controlfield tag="005">20140101073642.0</controlfield>
  <controlfield tag="008">800512n| azannaabn          |a ana      </controlfield>
  <datafield tag="010" ind1=" " ind2=" ">
    <subfield code="a">n  80044977 </subfield>
  </datafield>
  <datafield tag="035" ind1=" " ind2=" ">
    <subfield code="a">(OCoLC)oca00426958</subfield>
  </datafield>
  <datafield tag="040" ind1=" " ind2=" ">
    <subfield code="a">DLC</subfield>
    <subfield code="b">eng</subfield>
    <subfield code="e">rda</subfield>
    <subfield code="c">DLC</subfield>
    <subfield code="d">DLC</subfield>
    <subfield code="d">DNLM</subfield>
  </datafield>
  <datafield tag="046" ind1=" " ind2=" ">
    <subfield code="s">1934</subfield>
  </datafield>
  <datafield tag="110" ind1="2" ind2=" ">
    <subfield code="a">Rijksinstituut voor de Volksgezondheid (Netherlands)</subfield>
  </datafield>
  <datafield tag="410" ind1="2" ind2=" ">
    <subfield code="a">National Institute of Public Health (Netherlands)</subfield>
  </datafield>
  <datafield tag="410" ind1="1" ind2=" ">
    <subfield code="a">Netherlands.</subfield>
    <subfield code="b">Rijksinstituut voor de Volksgezondheid</subfield>
  </datafield>
  <datafield tag="410" ind1="1" ind2=" ">
    <subfield code="a">Netherlands.</subfield>
    <subfield code="b">National Institute of Public Health</subfield>
  </datafield>
  <datafield tag="410" ind1="2" ind2=" ">
    <subfield code="a">RIV (Rijksinstituut voor de Volksgezondheid)</subfield>
  </datafield>
  <datafield tag="410" ind1="2" ind2=" ">
    <subfield code="a">R.I.V. (Rijksinstituut voor de Volksgezondheid)</subfield>
  </datafield>
  <datafield tag="510" ind1="2" ind2=" ">
    <subfield code="w">r</subfield>
    <subfield code="i">Predecessor:</subfield>
    <subfield code="a">Centraal Laboratorium voor de Volksgezondheid (Netherlands)</subfield>
  </datafield>
  <datafield tag="510" ind1="2" ind2=" ">
    <subfield code="w">r</subfield>
    <subfield code="i">Successor:</subfield>
    <subfield code="a">Rijksinstituut voor Volksgezondheid en Milieuhygiëne (Netherlands)</subfield>
  </datafield>
  <datafield tag="670" ind1=" " ind2=" ">
    <subfield code="a">Its Mededelingen, 1947/48-</subfield>
  </datafield>
  <datafield tag="670" ind1=" " ind2=" ">
    <subfield code="a">Berichten uit het RIV, 1964.</subfield>
  </datafield>
  <datafield tag="675" ind1=" " ind2=" ">
    <subfield code="a">Kort, W.L.A.M. de. Acute intoxicaties in de werksituatie, 1986: p. 2 (Rijksinstituut voor Volksgezondheid en Milieuhygiëne, RIVM)</subfield>
  </datafield>
  <datafield tag="678" ind1=" " ind2=" ">
    <subfield code="a">The Rijksinstituut voor de Volksgezondheid formed in 1934 when the Centraal Laboratorium voor de Volksgezondheid, the Rijks Serologisch Instituut, and the Rijks Contrôle Dienst were combined.</subfield>
  </datafield>
</record>